<record><leader>00000cas a22000007a 4500</leader><controlfield tag="001">9305487</controlfield><controlfield tag="008">830312d18821928iauwr ne      0    0eng d</controlfield><controlfield tag="009">3770</controlfield><datafield ind1=" " ind2=" " tag="010"><subfield code="a">sn 83025197 </subfield></datafield><datafield ind1=" " ind2=" " tag="040"><subfield code="a">NPV</subfield><subfield code="b">eng</subfield><subfield code="c">NPV</subfield><subfield code="d">NPU</subfield><subfield code="d">NPX</subfield><subfield code="d">INP</subfield></datafield><datafield ind1="1" ind2=" " tag="029"><subfield code="a">AU@</subfield><subfield code="b">000025809501</subfield></datafield><datafield ind1=" " ind2=" " tag="042"><subfield code="a">msc</subfield></datafield><datafield ind1=" " ind2=" " tag="045"><subfield code="a">w6x2</subfield></datafield><datafield ind1=" " ind2=" " tag="052"><subfield code="a">4153</subfield><subfield code="b">W6</subfield></datafield><datafield ind1="0" ind2="4" tag="245"><subfield code="a">The Decorah Republican.</subfield></datafield><datafield ind1=" " ind2=" " tag="260"><subfield code="a">Decorah, Winneshiek Co., Iowa :</subfield><subfield code="b">A.K. Bailey &amp; Bro.,</subfield><subfield code="c">1882-1928.</subfield></datafield><datafield ind1=" " ind2=" " tag="300"><subfield code="a">46 v. :</subfield><subfield code="b">ill. ;</subfield><subfield code="c">70 cm.</subfield></datafield><datafield ind1=" " ind2=" " tag="310"><subfield code="a">Weekly</subfield></datafield><datafield ind1="0" ind2=" " tag="362"><subfield code="a">Vol. 23, no. 41 (Oct. 19, 1882)-v. 68, no. 52 (Dec. 27, 1928).</subfield></datafield><datafield ind1=" " ind2=" " tag="500"><subfield code="a">Publisher varies.</subfield></datafield><datafield ind1=" " ind2=" " tag="500"><subfield code="a">Editors: Ansel K. Bailey &amp; Bro., &lt;Aug. 4, 1876&gt;.</subfield></datafield><datafield ind1=" " ind2=" " tag="752"><subfield code="a">United States</subfield><subfield code="b">Iowa</subfield><subfield code="c">Winneshiek</subfield><subfield code="d">Decorah.</subfield></datafield><datafield ind1="0" ind2="0" tag="780"><subfield code="t">Decorah Iowa Republican</subfield><subfield code="w">(DLC)sn 87058237</subfield></datafield><datafield ind1="0" ind2="7" tag="785"><subfield code="t">Decorah public opinion (Decorah, Iowa : 1895)</subfield><subfield code="w">(DLC)sn 87058235</subfield></datafield><datafield ind1="0" ind2="7" tag="785"><subfield code="t">Decorah public opinion and Decorah Republican</subfield><subfield code="w">(DLC)sn 87058056</subfield></datafield></record>